@book{clark_fourie_2002,
  place={Johannesburg},
  version={1.4},
  title={Antennas in Practice},
  publisher={Poynting Innovations (Pty) Ltd},
  author={Clark, Alan Robert and Fourie, André  P C},
  year={2002},
  ISBN={0-620-27619-3}
}

@booklet{tenda,
  title        = {3G Wireless-N Router},
  author       = {{Shenzehn Tenda Technology Co., Ltd.}},
  address      = {Tenda Industrial Park, No. 34-1, Shilong Rd.,Shiyan Town, Bao’an District, Shenzhen, P.R. China},
  howpublished = "\url{https://www.manualslib.com/manual/728121/Tenda-3g622rPlus.html}",
  year         = 2007,
  note         = {[Accessed: 4 May 2022]},
}

@booklet{rg174,
  title        = {RG 174 AU},
  author       = {{Arnotec Electronics}},
  howpublished = "\url{https://www.koax24.de/storage/datasheet/de/050239_Datenblatt_RG174.pdf}",
  note         = {[Accessed: 4 May 2022]},
}

@ARTICLE{802.11,
  author={},
  journal={IEEE Std 802.11-2016 (Revision of IEEE Std 802.11-2012)},
  title={IEEE Standard for Information technology—Telecommunications and information exchange between systems Local and metropolitan area networks—Specific requirements - Part 11: Wireless LAN Medium Access Control (MAC) and Physical Layer (PHY) Specifications},
  year={2016},
  volume={},
  number={},
  pages={1-3534},
  doi={10.1109/IEEESTD.2016.7786995}}
}
@techreport{NBS,
  author      = {Viezbicke, Peter P.},
  title       = {Yagi Antenna Design},
  institution = {{U.S. Department of Commerce, National Bureau of Standards}},
  year        = {1976}
}

@book{lawson,
  title={Yagi-antenna Design},
  author={Lawson, James L},
  year={1986},
  publisher={American Radio Relay League}
}

@ARTICLE{wifiantenna,
  author={Chen, Zhi Ning and Qing, Xianming and See, Terence Shie Ping and Toh, Wee Kian},
  journal={Proceedings of the IEEE},
  title={Antennas for WiFi Connectivity},
  year={2012},
  volume={100},
  number={7},
  pages={2322-2329},
  doi={10.1109/JPROC.2012.2183830}
}


@article{balanis2005antenna,
  title={Antenna Theory Analysis and Design THIRD EDITION, New York: A JOHN WILEY \& SONS},
  author={Balanis, CA},
  journal={INC., PUBLICATION},
  year={2005}
}

@misc{matlabantenna,
  author       = {{Mathworks}},
  title        = {Antenna Toolbox},
  howpublished = "\url{https://www.mathworks.com/help/antenna/index.html}",
  year         = {2022}
}

@misc{wifianalyzer,
  author       = {{VREM Software Development}},
  title        = {WiFi Analyzer (open-source)},
  howpublished = "\url{https://play.google.com/store/apps/details?id=com.vrem.wifianalyzer}",
  year         = {2022}
}

